
@misc{bajuk,
	title = {Debunking the Myths of R vs. Python},
	author = {{Bajuk}, {Lou}},
	url = {https://blog.rstudio.com/2021/06/15/debunking-the-myths-of-r-vs-python/},
	langid = {en-us}
}
